2992 4509
643 246 652 270 ‘
740 245 848 308 η
1479 214 1587 298 .L
1642 239 1675 300 1
1728 234 1793 297 Β.
1874 211 1975 296 ,1.

619 341 914 416 ‘PeHore
967 329 1253 442 confilia
1280 385 1311 430 ‚
1365 325 1464 421 ὁ·
1501 329 1720 438 solers
1769 335 2037 432 pietate
2092 337 2483 440 magistra3
2562 356 2569 364 “

623 457 1036 553 Longaevum
1089 447 1404 525 Chirona
1452 451 1645 544 petit
1664 500 1684 522 .
1743 455 2005 525 Domus
2060 447 2290 523 ardua
2348 469 2637 549 montem

623 555 964 666 ‘Perforat
990 615 1021 655 ‚
1081 552 1171 646 (α’
1226 563 1429 662 longo
1467 553 1843 660 suspendit
1897 558 2149 634 ‘Pelion
2204 585 2429 640 arcu.
2484 621 2493 639 .

623 678 815 754 ‘Pars
866 673 1196 777 exhausta
1256 695 1472 748 manu
1493 725 1525 765 ,
1573 686 1849 766 partem
1884 665 1954 770 s
1936 695 2032 749 ua
2086 689 2378 771 ruperat
2434 693 2593 754 aetas
2613 729 2634 750 .

621 792 856 891 Signa
877 806 1112 864 tamen
1136 823 1164 881 5
1205 787 1579 881 divumque
1619 785 1804 878 tori,
1844 775 1937 870 ἐς·
1970 804 2171 879 quem
2208 781 2499 890 quisque
2505 783 2847 892 sacrarat

621 898 1001 978 ‹Accubitu
1031 955 1058 996 ‚
1105 903 1507 1001 genioque,
1566 897 1755 974 Iocus
1788 895 2251 999 monstratur-3
2308 920 2384 976 at
2442 905 2637 978 intra
2678 898 2683 906 ’
2750 961 2755 968 .

618 1017 969 1090 Centauri
1009 1009 1295 1116 stabula
1352 1011 1504 1089 alta
1555 1025 1811 1107 patent
1832 1063 1861 1104 ‚
1920 1031 2055 1086 non
2110 1032 2299 1112 aqua
2356 1005 2691 1116 nefandis

615 1125 1000 1204 Fratribus
1019 1179 1040 1200 .
1100 1127 1247 1202 Hic
1304 1122 1655 1224 bominum
1712 1122 1941 1200 nullos
1996 1136 2289 1219 experta
2346 1147 2621 1202 cruores

623 1239 922 1338 Spicula
945 1288 973 1331 ,
1033 1259 1155 1314 nec
1216 1257 1482 1313 truncae
1507 1221 1738 1308 ‘bellis
1780 1233 2198 1336 genialibus
2250 1244 2459 1334 orni,

617 1361 795 1429 „aut
848 1341 1392 1451 consanguineos
1434 1345 1672 1449 sraffi
1733 1363 2036 1422 crateres
2096 1349 2175 1423 in
2233 1348 2439 1454 hostes
2462 1404 2493 1445 ,

619 1463 772 1541 Sed
812 1462 1162 1559 pharetrae
1221 1456 1521 1562 insontes
1542 1514 1570 1553 ‚
1631 1451 1724 1546 (θ’
1782 1461 2029 1534 inania
2084 1477 2289 1562 terga
2334 1455 2669 1564 ferarum
2690 1517 2713 1540 .

615 1581 779 1652 Haec
811 1595 1078 1670 quoque
1115 1574 1284 1650 dum
1335 1575 1604 1650 viridis
1630 1597 1663 1658 ;
1702 1593 1870 1648 nam
1901 1590 2074 1646 tunc
2112 1573 2311 1651 labor
2344 1599 2531 1655 unus
2586 1578 2847 1656 inermi

615 1678 823 1790 Noffl’
861 1679 1291 1788 salutiferas
1347 1685 1583 1763 dubiis
1638 1684 2129 1762 animantibus
2182 1685 2427 1764 herbas
2448 1743 2479 1786 ‚

612 1807 782 1876 Aut
833 1803 1200 1903 monstrare
1255 1800 1409 1896 lyra
1469 1818 1733 1875 veteres
1790 1803 2059 1875 Heroas
2113 1797 2394 1878 alumno
2415 1857 2435 1877 .

614 1911 836 2004 ,Quem
890 1930 1064 1985 tunc
1119 1929 1382 1986 venatu
1435 1913 1837 1984 rediturum
1890 1917 1969 1984 in
2026 1909 2267 1990 limine
2314 1918 2545 2011 primo

620 2025 1005 2122 opperiens
1027 2075 1056 2118 ‚
1105 2036 1563 2121 properatque
1620 2024 1831 2118 dapes
1850 2071 1879 2114 ‚
1932 2020 2265 2122 largoque
2307 2020 2594 2128 serenat

589 2143 799 2239 *Igne
859 2136 1132 2214 domum
1153 2191 1174 2212 .
1233 2139 1424 2212 Tum
1481 2127 1631 2236 visa
1680 2131 1935 2231 procul
1986 2133 2070 2205 de
2125 2133 2363 2213 littore
2418 2157 2641 2215 mater

619 2250 874 2329 Nereis
897 2303 926 2342 ‚
985 2244 1533 2355 erumpitfilvis
1557 2302 1585 2341 ‚
1642 2247 1822 2355 dant
1869 2245 2151 2346 gaudia
2208 2254 2397 2330 vires
2420 2307 2449 2348 ‚

615 2370 944 2458 Notaque
1000 2357 1268 2462 desueto
1327 2363 1603 2456 crepuit
1646 2354 1847 2458 senis
1906 2360 2179 2460 ungula
2236 2382 2476 2462 campo
2490 2419 2517 2438 .

612 2479 828 2552 Tunc
884 2473 1185 2552 blandus
1243 2476 1502 2551 dextra
1526 2526 1554 2565 ‚
1612 2489 1827 2566 atque
1884 2474 2049 2548 imos
2090 2468 2491 2578 summiffus
2516 2481 2595 2553 in
2613 2493 2845 2558 armo-s

615 2586 1058 2685 ‘Pauperibus
1115 2589 1322 2666 teHis
1378 2585 1659 2662 inducit
1685 2637 1713 2682 ‚
1770 2575 1862 2674 ὁ·
1914 2584 2234 2662 admovet
2286 2593 2517 2666 antris
2537 2644 2559 2667 .
2624 2667 2635 2676 ,

2495 4013 2554 4100 J
2563 4035 2717 4088 am·-
