2992 4509
813 220 864 301 6
1057 278 1062 285 .
1354 197 1777 290 -·L1-⁸.-
1850 206 2012 291 IV.

649 240 1058 428 Ingditque
1113 326 1284 406 mibi
1308 380 1338 421 ‚
1393 327 1725 438 thalamis
1784 324 1918 401 baec
1974 336 2273 423 tempora
2331 328 2631 435 nostris?

650 450 883 524 Hicne
939 442 1032 549 est
1083 440 1260 521 liber
1317 446 1641 541 Hymen?
1661 446 1671 456 ’
1695 460 1735 515 o
1790 432 2039 545 dulcia⁴
2076 434 2349 541 furta,
2408 442 2689 540 dolique
2712 498 2753 540 ‚

649 560 713 631 Ο
767 557 1018 635 timor!
1070 555 1420 654 abripitur
1475 546 1731 656 misera
1780 542 2144 657 promtffus
2201 554 2563 635 =achilles.

646 676 694 745 1
739 670 779 772 (
821 690 1040 765 neque
1095 673 1286 746 enim
1339 688 1575 747 tantos
1632 661 1853 773 austm
1906 688 2225 744 revocare
2268 668 2633 768 paratus)

647 789 700 858 Ι
741 803 1054 883 cautus,
1109 804 1237 859 nec
1291 786 1483 858 vana
1544 780 1833 861 Thetim
1883 773 2190 884 timutffe
2242 804 2614 873 memento.

648 902 697 971 I
725 889 930 999 felix
949 952 977 996 ,
1033 889 1377 1001 nosterque
1434 897 1636 973 redi.-
1694 892 1909 971 nimis
1965 890 2270 1000 improba
2316 887 2559 999 posco.

625 1010 801 1098 Jam
855 1032 920 1087 te
961 1003 1387 1113 spebiabunt
1441 1009 1814 1108 lachrymis
1834 1060 1863 1103 ,
1910 1012 2365 1106 planctuque.
2404 1010 2655 1086 decora

647 1124 969 1202 Troades
989 1180 1020 1220 ,
1077 1120 1543 1221 optabuntque
1598 1123 1748 1199 tuis
1808 1121 1981 1197 dare
2035 1122 2211 1199 colla
2267 1122 2558 1201 lacertis
2582 1174 2615 1219 ‚

639 1242 744 1319 Et
797 1243 1115 1335 patriam
1163 1231 1454 1338 pensare
1513 1231 1734 1314 tor‘is:
1774 1230 1929 1309 ‘aut'
1980 1228 2149 1333 ipsa·
2172 1236 2489 1334 placebit

651 1351 1071 1451 Tyndaris,
1133 1350 1388 1453 incesta
1445 1355 1745 1428 nimium
1798 1348 2097 1451 laudata
2153 1354 2448 1448 rapina.

662 1462 808 1566 *ff
860 1484 984 1567 ego
1039 1465 1156 1541 vel
1203 1470 1436 1561 prima
1482 1462 1779 1562 puerilis
1812 1458 2085 1563 fabula
2130 1464 2353 1561 culpa
2396 1522 2403 1531 .

657 1576 1025 1655 Narrabor
1067 1571 1400 1681 famuli,
1456 1598 1615 1679 aut·
1645 1569 2075 1681 diffimulata
2131 1574 2357 1653 latebo
2373 1629 2395 1651 .

649 1692 848 1781 Quin
904 1710 1034 1793 age
1093 1691 1233 1766 duc
1289 1693 1603 1770 comitem
1624 1724 1648 1766 .-
1723 1710 1852 1765 cur
1908 1710 2042 1766 non
2100 1710 2223 1793 ego
2280 1692 2589 1769 Martia.
2636 1710 2876 1771 tecum

651 1806 888 1905 Signa
931 1795 1220 1905 feram?
1244 1802 1254 1813 “
1281 1828 1363 1881 tu
1408 1802 1626 1912 pensa
1680 1824 1899 1879 manu
1918 1804 1969 1898 ,ἓ
2007 1793 2464 1901 Baccbaea'que
2522 1826 2791 1882 mecum

653 1922 891 1995 Sacra
911 1969 942 2012 ‚
1001 1918 1192 2013 quod
1241 1910 1511 2021 infelix
1564 1939 1701 1997 non
1752 1917 1995 1995 ‘credet
2050 1913 2275 2021 Troja
2298 1970 2327 2011 ,
2384 1916 2676 2020 tulisti-.-

539 2048 546 2055 ·
651 2037 1007 2105 ..Attamen
1063 2029 1248 2106 bunc
1275 2084 1304 2127 ‚
1361 2052 1567 2129 quem
1616 2028 1833 2132 moesia
1884 2028 2063 2103 mibi
2101 2022 2369 2131 solatia
2408 2031 2701 2127 linquis
2724 2088 2755 2131 ‚

646 2146 868 2220 Hunc
913 2134 1176 2245 saltem
1216 2138 1358 2246 sub
1413 2144 1615 2225 corde
1670 2162 1831 2233 tene
1856 2194 1885 2235 ‚
1939 2132 2031 2229 (ς
2086 2144 2377 2220 concede
2421 2153 2756 2249 precanti

653 2260 802 2337 Hoc
843 2246 1077 2358 solum
1126 2261 1372 2355 pariat
1431 2280 1517 2334 ne
1573 2250 1759 2357 quid
1807 2254 1942 2332 tibi
1990 2252 2296 2333 barbara
2354 2254 2623 2361 conjuqc
2642 2313 2675 2355 ,

652 2375 765 2448 Ne
821 2388 961 2464 qua
1021 2370 1138 2445 det
1197 2370 1528 2473 indignos
1582 2368 1879 2447 Thetidi
1936 2373 2218 2467 captiva
2280 2384 2603 2465 nepotes.

649 2480 873 2564 Talia
935 2483 1280 2562 dicentem
1333 2504 1468 2561 non
1527 2479 1669 2591 ipse
1726 2482 2040 2569 immotus
2095 2481 2459 2571 Achilles·
2512 2516 2517 2523 ·

2526 3998 2762 4077 Sola-
