2992 4509
797 195 1042 280 xxxii
1136 182 1843 282 AUCTORUM
1880 179 2669 274 TEST1MON1A;

783 371 1118 440 Albertus
1169 371 1433 442 Lollius
1477 367 1737 472 libaq.
1786 369 2108 452 Eiusdem
2156 365 2442 450 Operis,
2484 385 2549 450 p.
2594 369 2759 446 566.

777 527 950 596 Non
1003 524 1070 594 vi
1135 524 1406 616 aggrevi
1455 545 1629 591 anco
1664 564 1691 600 ‚
1756 545 1869 612 per
1928 537 2121 589 amor
2167 519 2350 595 mio,
2415 519 2569 586 dare
2614 517 2857 586 un’oc.
2954 541 2956 566 2

684 613 904 686 chiara
950 637 993 683 a
1043 613 1323 692 Staio,
1369 616 1477 680 nel
1526 615 1740 694 primo
1786 609 1960 681 delle
2004 607 2245 684 Selve‚
2292 610 2467 675 dove
2512 607 2641 690 egli
2694 603 2857 674 esal-
2954 615 2956 680 ξ

683 721 761 773 ta
825 707 1050 774 molto
1081 707 1184 778 ,la
1237 704 1426 774 vina
1476 700 1848 772 Tiburtina
1908 700 1975 768 di
2022 697 2295 766 Manlio
2346 696 2643 782 Vopisco
2674 744 2695 764 .
2764 697 2855 764 Bt
2954 697 2956 774 f

692 795 806 863 nel
857 795 1149 863 secondo
1195 796 1369 864 delle
1408 793 1805 870 medefime‚
1847 789 2111 876 quando
2168 788 2231 854 ei
2270 788 2596 856 comenda
2659 804 2859 855 tanto

687 884 738 952 il
789 885 1183 957 Surrentino
1229 886 1294 952 di
1342 883 1599 954 Pollio.
1650 883 1743 949 Et
1788 884 1897 950 nel
1944 894 2186 964 quarto
2235 897 2357 961 pur
2399 877 2573 944 delle
2615 877 2855 951 Selve‚

686 975 864 1043 dove
913 973 973 1042 ei
1021 979 1064 1044 fi
1115 974 1380 1061 dilegua
1427 973 1695 1058 proprio
1741 971 1806 1040 di
1863 986 2208 1037 tenerezza
2248 1009 2271 1043 ‚
2332 966 2747 1054 depingendo
2806 965 2853 1034 it

689 1061 799 1132 bel
845 1065 974 1134 fito
1015 1063 1193 1131 della
1245 1067 1414 1134 villa
1463 1059 1592 1150 (fic
1628 1058 2001 1148 tegendum)
2054 1056 2119 1121 di
2166 1055 2315 1142 Sep.
2364 1054 2663 1126 Severe.·

773 1209 1178 1280 Franciscus
1229 1210 1651 1280 sansovinus
1697 1209 1763 1274 in
1812 1201 2282 1288 chronologia
2330 1162 2771 1280 Universalis
2898 1271 2907 1278 .

1453 1302 1639 1371 Anu.
1662 1295 1911 1366 Christi
1960 1308 2077 1376 92.

775 1439 1114 1516 Huomini
1167 1447 1458 1522 munti,
1509 1443 1737 1520 Urbio
1800 1438 2089 1526 Crispo,
2134 1439 2427 1508 Oratore
2458 1480 2487 1520 ²
2548 1437 2786 1510 Stazio
2826 1479 2855 1517 ,

686 1535 1023 1690 {glrvgeuale
1060 1579 1083 1616 ‚
1146 1537 1476 1606 Martiale
1520 1578 1549 1617 ,
1608 1532 1799 1602 Poeti
1834 1573 1859 1611 ,
1922 1532 2057 1601 &c-
2100 1521 2453 1598 fioriscono
2494 1530 2672 1599 nelle
2728 1528 2852 1598 let-

680 1801 2851 1855 w

1223 1889 2511 2016 A'DDE⁷NDA.’

767 2111 1511 2196 Statiu9·cu1tiffimus‚
1557 2129 1759 2200 atque
1814 2107 2368 2196 ingeniofiffimus
2414 2109 2661 2181 Poeta.
2718 2111 2851 2182 Ne·

677 2220 808 2284 que
855 2205 1037 2272 ullus
1089 2223 1436 2288 veterum,
1479 2222 1605 2274 aut
1675 2202 2115 2270 recentiorum
2178 2199 2449 2285 propius
2491 2203 2603 2284 ad·
2635 2201 2855 2287 Virgi-

674 2287 934 2360 lianam
989 2295 1420 2380 Majestatem
1468 2295 1783 2367 accedere
1847 2286 2105 2358 valuit.
2154 2287 2383 2358 Etiam
2427 2290 2852 2376 propinquior

673 2378 992 2460 futurus,
1041 2387 1088 2454 fi
1142 2402 1284 2451 tam
1343 2405 1548 2471 prope
1596 2383 1729 2451 effe
1774 2377 2093 2449 noluiffet
2130 2426 2148 2444 .
2224 2380 2556 2466 Siquidem
2606 2397 2850 2448 natura

673 2465 790 2536 sua
853 2471 1120 2551 elatu&
1167 2473 1374 2543 ficubi
1417 2474 1748 2542 excellere
1792 2487 2079 2540 conatus
2124 2467 2261 2547 est,
2309 2467 2616 2539 excrevit
2648 2471 2719 2536 in
2753 2485 2853 2535 tu-
2958 2511 2960 2518 ·

666 2576 967 2628 morem.
1015 2563 1122 2630 At
1167 2564 1470 2646 profeao
1518 2561 1971 2632 Heroicorum
2024 2558 2387 2626 Poetarum
2438 2561 2467 2643 (
2492 2561 2536 2627 fi
2578 2557 2851 2628 Phoeni·

595 2689 600 2694 ·
664 2665 812 2731 cem
858 2651 1048 2718 illum
1096 2653 1394 2722 nostrum
1439 2651 1747 2733 eximas)
1795 2671 1941 2720 tum
1968 2646 2418 2725 Latinorum,
2462 2665 2611 2714 tum
2645 2649 2853 2716 etiam

669 2733 1078 2839 (fraecoruin
1125 2740 1325 2808 facile
1368 2743 1687 2829 Princeps
1712 2790 1729 2806 .
1786 2743 1975 2810 Nam
2023 2738 2094 2807 δε
2144 2735 2447 2806 meliores
2491 2733 2721 2806 versus
2761 2738 2855 2805 fa-

663 2838 760 2890 c1t
813 2849 1019 2912 quam
1076 2832 1461 2900 Homerus.
1508 2833 1643 2920 lul.
1694 2829 1873 2900 Caes.
1923 2825 2169 2912 Scalig.
2212 2827 2294 2893 de
2338 2845 2413 2894 re
2459 2826 2857 2901 Poetic.l.6.

662 2931 728 3002 p·
756 2915 924 3003 841.
951 2920 1124 3004 843.

751 3003 1006 3076 Statius
1040 3010 1332 3079 eruditus
1366 3011 1433 3078 in
1471 3010 1708 3097 Sylvis
1732 3052 1754 3087 ,
1800 3006 2095 3077 sublimis
2126 3005 2192 3074 in
2216 3002 2611 3102 Thebaide,
2656 3003 2855 3074 blan·
2958 3035 2960 3042 ·

661 3095 790 3160 dus
820 3095 886 3160 in
929 3095 1360 3174 Achilleide.
1410 3095 1671 3166 Thoai.
1714 3096 2010 3184 Dempst.
2532 3163 2541 3172 .

752 3181 1152 3270 papinium,
1203 3191 1304 3258 vir
1355 3187 1766 3266 dostiffime,
1815 3187 2059 3272 magni.
2098 3186 2223 3255 feci
2270 3185 2566 3270 semper,
2612 3201 2691 3254 ut
2734 3187 2852 3272 qui

664 3269 958 3376 Virgilio
994 3280 1351 3361 omnigena
1383 3281 1758 3348 eruditione
1812 3279 1997 3344 haud
2056 3278 2374 3344 multum·
2412 3277 2649 3353 cedat,
2727 3277 2853 3361 spi-

659 3374 791 3466 ntu
844 3382 1074 3434 autem
1127 3367 1397 3436 Poetico
1456 3377 1636 3437 certe
1686 3364 2089 3453 quibusdam
2126 3369 2199 3434 in
2236 3362 2583 3450 partibus,
2630 3367 2677 3432 fi
2724 3383 2848 3450 per

661 3447 960 3524 Criticos
999 3457 1216 3524 dicere
1262 3459 1512 3536 liceat,
1554 3456 1829 3526 dubiam
1874 3459 1935 3524 ei
1991 3457 2203 3524 faciat
2260 3456 2594 3538 palmam.
2640 3455 2857 3538 Hug.

661 3539 866 3613 Grot.
899 3543 970 3614 in
1007 3545 1208 3634 Epist.
1237 3551 1323 3617 ad
1360 3551 1679 3641 Gronov.
1722 3548 1957 3616 Lutet.
2008 3569 2125 3617 ιο.
2152 3543 2507 3614 Decembr.
2536 3567 2563 3612 ι
2585 3550 2761 3629 637.
